@Misc{1606.01540,
	Author = {Greg Brockman and Vicki Cheung and Ludwig Pettersson and Jonas Schneider and John Schulman and Jie Tang and Wojciech Zaremba},
	Title = {OpenAI Gym},
	Year = {2016},
	Eprint = {arXiv:1606.01540},
}

@Misc{gym-duckietown,
	author = {Chevalier-Boisvert, Maxime and Golemo, Florian and Cao, Yanjun and Mehta, Bhairav and Paull, Liam},
	title = {Duckietown Environments for OpenAI Gym},
	year = {2018},
	publisher = {GitHub},
	journal = {GitHub repository},
	howpublished = {\url{https://github.com/duckietown/gym-duckietown}},
}

 @article{Gou_Liu_2019, 
	title = {DQN with model-based exploration: efficient learning on environments with sparse rewards},
	url = {http://arxiv.org/abs/1903.09295},
	note = {arXiv:1903.09295 [cs, stat]},
	publisher = {arXiv},
	author = {Gou, Stephen Zhen and Liu, Yuyang},
	year = {2019},
	month = {Mar}
}

@incollection{mnih-atari-2013,
	title = {Playing Atari With Deep Reinforcement Learning},
	author = {Volodymyr Mnih and Koray Kavukcuoglu and David Silver and Alex Graves and Ioannis Antonoglou and Daan Wierstra and Martin Riedmiller},
	booktitle = {NIPS Deep Learning Workshop},
	year = {2013}
}

%Mnih_Kavukcuoglu_Silver_Rusu_Veness_Bellemare_Graves_Riedmiller_Fidjeland_Ostrovski_et
@article{Human-level-control, 
	title = {Human-level control through deep reinforcement learning},
	volume = {518},
	ISSN = {0028-0836, 1476-4687},
	url = {http://www.nature.com/articles/nature14236},
	DOI = {10.1038/nature14236},
	number = {7540},
	journal = {Nature},
	author ={Mnih, Volodymyr and Kavukcuoglu, Koray and Silver, David and Rusu, Andrei A. and Veness, Joel and Bellemare, Marc G. and Graves, Alex and Riedmiller, Martin and Fidjeland, Andreas K. and Ostrovski, Georg and Petersen, Stig and Beattie, Charles and Sadik, Amir and Antonoglou, Ioannis and King, Helen and Kumaran, Dharshan and Wierstra, Daan and Legg, Shane and Hassabis, Demis},
	year = {2015},
	month = {Feb},
	pages = {529–533},
	language = {en}
}

@misc{duckietown-guia,
	title = {Guide for Researches - Duckietown},
	url = {https://www.duckietown.org/research/guide-for-researchers},
	urldate = {2022-11-08},
	year = {2022}
}

@misc{duckietown-historia,
	title = {Duckietown Foundation},
	url = {https://www.duckietown.org/about/duckietown-foundation?doing_wp_cron=1667914840.7376658916473388671875},
	urldate = {2022-11-08},
	year = {2022}
}

@misc{tensorflow-q-learning,
	title = {Introduction to RL and Deep Q Networks},
	url = {https://www.tensorflow.org/agents/tutorials/0_intro_rl#q-learning},
	urldate = {2022-11-08},
	date = {2021-12-08}
}

@PhdThesis{Watkins:PhD,
	author = {Chris Watkins},
	title = {Learning from Delayed Rewards},
	school = {King's College},
	address = {Londres, Inglaterra},
	year = {1989},
	month = {May},
	url = {https://www.cs.rhul.ac.uk/~chrisw/new_thesis.pdf},
	urldate = {2022-11-08}
}

@inproceedings{Nguyen_La_2019,
	address = {Naples, Italy},
	title = {Review of Deep Reinforcement Learning for Robot Manipulation},
	ISBN = {9781538692455},
	url = {https://ieeexplore.ieee.org/document/8675643/},
	DOI = {10.1109/IRC.2019.00120},
	booktitle = {2019 Third IEEE International Conference on Robotic Computing (IRC)},
	publisher = {IEEE},
	author = {Nguyen, Hai and La, Hung},
	year = {2019},
	month = {Feb},
	pages = {590–595}
}

@article{Bellman_1954,
	title = {The theory of dynamic programming},
	volume = {60},
	ISSN = {0273-0979, 1088-9485},
	url = {https://www.ams.org/bull/1954-60-06/S0002-9904-1954-09848-8/},
	DOI = {10.1090/S0002-9904-1954-09848-8},
	number = {6},
	journal = {Bulletin of the American Mathematical Society},
	author = {Bellman, Richard},
	year = {1954},
	pages = {503–515},
	language = {en}
}


@misc{epsilon-greedy-q-learning,
	title = {Epsilon-Greedy Q-learning},
	author = {Baeldung},
	url = {https://www.baeldung.com/cs/epsilon-greedy-q-learning},
	urldate = {2022-11-08},
	date = {2021-01-15}
}

@article{kalapos2021vision,
	title={Vision-based reinforcement learning for lane-tracking control},
	author={Kalapos, Andr{\'a}s and G{\'o}r, Csaba and Moni, R{\'o}bert and Harmati, Istv{\'a}n},
	journal={ACTA IMEKO},
	volume={10},
	number={3},
	pages={7--14},
	year={2021}
}

@INPROCEEDINGS{Kalapos2020,
	author={András Kalapos and Csaba Gór and Róbert Moni and István Harmati},
	booktitle={2020 23rd International Symposium on Measurement and Control in Robotics (ISMCR)}, 
	title={Sim-to-real reinforcement learning applied to end-to-end vehicle control}, 
	year={2020},
	pages={1-6}
}


@misc{TensorFlow2-release,
	title = {Epsilon-Greedy Q-learning},
	author = {Goldie Gadde},
	url = {https://github.com/tensorflow/tensorflow/releases/tag/v2.0.0},
	urldate = {2022-11-08},
	date = {2019-09-30}
}

@misc{Anaconda,
	title = {Anaconda},
	url = {https://www.anaconda.com/},
	urldate = {2022-11-08}
}

@book{Duckietown-requerimentos,
	title={Book The AI Driving Olympics},
	url={https://docs.duckietown.org/daffy/AIDO/out/cm_sw.html},
	author={Liam Paull and Andrea Censi and Bhairav Mehta and Florian Golemo and Julian Zilly and Jacopo Tani and Panagiotis Bountouris and frank_qcd_qk and Claudio and breandan and Kirsten Bowser and Philippe Laferrière and Andrea F Daniele and Charlie Gauthier and Mostafa ElAraby and Susanne Keller and Manfred Diaz and Manuel Heredia and Cliff and dubi-d and Étienne Boucher and Rohit Suri and Dennis Wu},
	language={english},
	urldate = {2022-11-16},
	date = {2022-02-02}
}

@book{Baum_Denslow_1996,
 	address={New York},
 	title={The wonderful wizard of Oz},
 	ISBN={9780486291161},
 	callNumber={PZ7.B327 Wi 1996},
 	abstractNote={After a cyclone transports her to the land of Oz, Dorothy must seek out the great wizard in order to return to Kansas},
 	publisher={Dover Publications},
 	author={Baum, L. Frank and Denslow, W. W.},
 	year={1996}
}

@inproceedings{Uhr_Vossler_1961,
	address={Los Angeles, California},
	title={A pattern recognition program that generates, evaluates, and adjusts its own operators},
	url={http://portal.acm.org/citation.cfm?doid=1460690.1460751},
	DOI={10.1145/1460690.1460751},
	booktitle={Papers presented at the May 9-11, 1961, western joint IRE-AIEE-ACM computer conference on - IRE-AIEE-ACM ’61 (Western)},
	publisher={ACM Press},
	author={Uhr, Leonard and Vossler, Charles},
	year={1961},
	pages={555},
	language={en}
}

@article{turing1950computing,
  added-at = {2012-06-19T15:53:23.000+0200},
  author = {Turing, A. M.},
  biburl = {https://www.bibsonomy.org/bibtex/2c6b8db241dec2cec3477ce771abebb8f/jaeschke},
  copyright = {Copyright © 1950 Oxford University Press},
  interhash = {3f7a151a4f79fe75b4bb148b41279a9b},
  intrahash = {c6b8db241dec2cec3477ce771abebb8f},
  issn = {00264423},
  journal = {Mind},
  jstor_articletype = {research-article},
  jstor_formatteddate = {Oct., 1950},
  keywords = {},
  language = {English},
  number = 236,
  pages = {433--460},
  publisher = {Oxford University Press on behalf of the Mind Association},
  series = {New Series},
  timestamp = {2012-06-19T15:53:23.000+0200},
  title = {Computing Machinery and Intelligence},
  url = {http://www.jstor.org/stable/2251299},
  volume = 59,
  year = 1950
}

@article{weizenbaum1966eliza,
  acmid = {365168},
  added-at = {2017-12-14T16:11:04.000+0100},
  address = {New York, NY, USA},
  author = {Weizenbaum, Joseph},
  biburl = {https://www.bibsonomy.org/bibtex/2e531439fb60e718b5f5fa256cc514d56/thoni},
  description = {ELIZA—a computer program for the study of natural language communication between man and machine},
  doi = {10.1145/365153.365168},
  interhash = {30d12a67eca0b5ca7f2d7d8288b2b6bb},
  intrahash = {e531439fb60e718b5f5fa256cc514d56},
  issn = {0001-0782},
  issue_date = {Jan. 1966},
  journal = {Commun. ACM},
  keywords = {chatbot eliza},
  month = jan,
  number = 1,
  numpages = {10},
  pages = {36--45},
  publisher = {ACM},
  timestamp = {2017-12-14T16:11:04.000+0100},
  title = {ELIZA a Computer Program for the Study of Natural Language Communication Between Man and Machine},
  url = {http://doi.acm.org/10.1145/365153.365168},
  volume = 9,
  year = 1966
}



